@inproceedings{jin2012efficient,
  title={Efficient VM placement with multiple deterministic and stochastic resources in data centers},
  author={Jin, Hao and Pan, Deng and Xu, Jing and Pissinou, Niki},
  booktitle={2012 IEEE Global Communications Conference (GLOBECOM)},
  pages={2505--2510},
  year={2012},
  organization={IEEE}
}

@article{amokrane2013greenhead,
  title={Greenhead: Virtual data center embedding across distributed infrastructures},
  author={Amokrane, Ahmed and Zhani, Mohamed Faten and Langar, Rami and Boutaba, Raouf and Pujolle, Guy},
  journal={IEEE transactions on cloud computing},
  volume={1},
  number={1},
  pages={36--49},
  year={2013},
  publisher={IEEE}
}

@article{xu2015rethink,
  title={Rethink the storage of virtual machine images in clouds},
  author={Xu, Xiaolin and Jin, Hai and Wu, Song and Wang, Yihong},
  journal={Future Generation Computer Systems},
  volume={50},
  pages={75--86},
  year={2015},
  publisher={Elsevier}
}

@inproceedings{adami2013virtual,
  title={Virtual machines migration in a cloud data center scenario: An experimental analysis},
  author={Adami, Davide and Giordano, Stefano and Pagano, Michele and Roma, Simone},
  booktitle={2013 IEEE International Conference on Communications (ICC)},
  pages={2578--2582},
  year={2013},
  organization={IEEE}
}

@inproceedings{aiash2014secure,
  title={Secure live virtual machines migration: issues and solutions},
  author={Aiash, Mahdi and Mapp, Glenford and Gemikonakli, Orhan},
  booktitle={2014 28th International Conference on Advanced Information Networking and Applications Workshops},
  pages={160--165},
  year={2014},
  organization={IEEE}
}

@inproceedings{zhang2013scheduling,
  title={A scheduling method for multiple virtual machines migration in cloud},
  author={Zhang, Zhenzhong and Xiao, Limin and Chen, Xianchu and Peng, Junjie},
  booktitle={IFIP International Conference on Network and Parallel Computing},
  pages={130--142},
  year={2013},
  organization={Springer}
}

@inproceedings{cerroni2014multiple,
  title={Multiple virtual machine live migration in federated cloud systems},
  author={Cerroni, Walter},
  booktitle={2014 IEEE Conference on Computer Communications Workshops (INFOCOM WKSHPS)},
  pages={25--30},
  year={2014},
  organization={IEEE}
}

@inproceedings{callegati2013live,
  title={Live migration of virtualized edge networks: Analytical modeling and performance evaluation},
  author={Callegati, Franco and Cerroni, Walter},
  booktitle={2013 IEEE SDN for future networks and services (SDN4FNS)},
  pages={1--6},
  year={2013},
  organization={IEEE}
}

@inproceedings{sarker2013performance,
  title={Performance-driven live migration of multiple virtual machines in datacenters},
  author={Sarker, Tusher Kumer and Tang, Maolin},
  booktitle={2013 IEEE International Conference on Granular Computing (GrC)},
  pages={253--258},
  year={2013},
  organization={IEEE}
}

@inproceedings{khazaei2013performance,
  title={Performance of an IaaS cloud with live migration of virtual machines},
  author={Khazaei, Hamzeh and Mi{\v{s}}i{\'c}, Jelena and Mi{\v{s}}i{\'c}, Vojislav B},
  booktitle={2013 IEEE Global Communications Conference (GLOBECOM)},
  pages={2289--2293},
  year={2013},
  organization={IEEE}
}

@inproceedings{zhang2014delay,
  title={Delay guaranteed live migration of virtual machines},
  author={Zhang, Jiao and Ren, Fengyuan and Lin, Chuang},
  booktitle={IEEE INFOCOM 2014-IEEE Conference on Computer Communications},
  pages={574--582},
  year={2014},
  organization={IEEE}
}

@article{ding2015energy,
  title={Energy efficient scheduling of virtual machines in cloud with deadline constraint},
  author={Ding, Youwei and Qin, Xiaolin and Liu, Liang and Wang, Taochun},
  journal={Future Generation Computer Systems},
  volume={50},
  pages={62--74},
  year={2015},
  publisher={Elsevier}
}

@article{rao2015heuristics,
  title={Heuristics based server consolidation with residual resource defragmentation in cloud data centers},
  author={Rao, K Sunil and Thilagam, P Santhi},
  journal={Future Generation Computer Systems},
  volume={50},
  pages={87--98},
  year={2015},
  publisher={Elsevier}
}

@inproceedings{chen2014consolidating,
  title={Consolidating complementary VMs with spatial/temporal-awareness in cloud datacenters},
  author={Chen, Liuhua and Shen, Haiying},
  booktitle={IEEE INFOCOM 2014-IEEE Conference on Computer Communications},
  pages={1033--1041},
  year={2014},
  organization={IEEE}
}

@article{mohamed2015autonomic,
  title={An autonomic approach to manage elasticity of business processes in the Cloud},
  author={Mohamed, Mohamed and Amziani, Mourad and Bela{\"\i}d, Djamel and Tata, Samir and Melliti, Tarek},
  journal={Future Generation Computer Systems},
  volume={50},
  pages={49--61},
  year={2015},
  publisher={Elsevier}
}

@article{xu2013enhancing,
  title={Enhancing survivability in virtualized data centers: A service-aware approach},
  author={Xu, Jielong and Tang, Jian and Kwiat, Kevin and Zhang, Weiyi and Xue, Guoliang},
  journal={IEEE Journal on Selected Areas in Communications},
  volume={31},
  number={12},
  pages={2610--2619},
  year={2013},
  publisher={IEEE}
}

@inproceedings{huang2013multi,
  title={Multi-objective virtual machine migration in virtualized data center environments},
  author={Huang, Daochao and Gao, Yangyang and Song, Fei and Yang, Dong and Zhang, Hongke},
  booktitle={2013 IEEE International Conference on Communications (ICC)},
  pages={3699--3704},
  year={2013},
  organization={IEEE}
}

@inproceedings{keller2012live,
  title={Live migration of an entire network (and its hosts)},
  author={Keller, Eric and Ghorbani, Soudeh and Caesar, Matt and Rexford, Jennifer},
  booktitle={Proceedings of the 11th ACM Workshop on Hot Topics in Networks},
  pages={109--114},
  year={2012},
  organization={ACM}
}

@article{atif2014adaptive,
  title={Adaptive parallel application resource remapping through the live migration of virtual machines},
  author={Atif, Muhammad and Strazdins, Peter},
  journal={Future Generation Computer Systems},
  volume={37},
  pages={148--161},
  year={2014},
  publisher={Elsevier}
}

@article{yang2014method,
  title={A method for managing green power of a virtual machine cluster in cloud},
  author={Yang, Chao-Tung and Liu, Jung-Chun and Huang, Kuan-Lung and Jiang, Fuu-Cheng},
  journal={Future Generation Computer Systems},
  volume={37},
  pages={26--36},
  year={2014},
  publisher={Elsevier}
}

@article{xu2013iaware,
  title={iAware: Making live migration of virtual machines interference-aware in the cloud},
  author={Xu, Fei and Liu, Fangming and Liu, Linghui and Jin, Hai and Li, Bo and Li, Baochun},
  journal={IEEE Transactions on Computers},
  volume={63},
  number={12},
  pages={3012--3025},
  year={2013},
  publisher={IEEE}
}

@inproceedings{fang2013power,
  title={Power-efficient virtual machine placement and migration in data centers},
  author={Fang, Shuo and Kanagavelu, Renuga and Lee, Bu-Sung and Foh, Chuan Heng and Aung, Khin Mi Mi},
  booktitle={2013 IEEE International Conference on Green Computing and Communications and IEEE Internet of Things and IEEE Cyber, Physical and Social Computing},
  pages={1408--1413},
  year={2013},
  organization={IEEE}
}

@inproceedings{alizadeh2013pfabric,
  title={pfabric: Minimal near-optimal datacenter transport},
  author={Alizadeh, Mohammad and Yang, Shuang and Sharif, Milad and Katti, Sachin and McKeown, Nick and Prabhakar, Balaji and Shenker, Scott},
  booktitle={ACM SIGCOMM Computer Communication Review},
  volume={43},
  number={4},
  pages={435--446},
  year={2013},
  organization={ACM}
}